@misc{ wiki:tex,
  author = "维基百科",
  title = "TeX --- 维基百科{,} 自由的百科全书",
  year = "2019",
  url = "https://zh.wikipedia.org/w/index.php?title=TeX&oldid=54293748",
  note = "[Online; accessed 8-June-2019]"
}

@misc{ wiki:markdown,
  author = "维基百科",
  title = "Markdown --- 维基百科{,} 自由的百科全书",
  year = "2019",
  url = "https://zh.wikipedia.org/w/index.php?title=Markdown&oldid=54553433",
  note = "[Online; accessed 8-June-2019]"
}

@misc{ wiki:pandoc,
  author = "维基百科",
  title = "Pandoc --- 维基百科{,} 自由的百科全书",
  year = "2017",
  url = "https://zh.wikipedia.org/w/index.php?title=Pandoc&oldid=46430325",
  note = "[Online; accessed 8-June-2019]"
}

@misc{ pandocManual,
  author = "John MacFarlane",
  title = "Pandoc User’s Guide",
  year = "2019",
  url = "https://pandoc.org/MANUAL.html",
  note = "[Online; accessed 8-June-2019]"
}

@article { commonmark, 
  author = "John MacFarlane",
  title = "CommonMark Spec",
  year = "2019",
  url = "https://spec.commonmark.org/",
  note = "[Online; accessed 8-June-2019]"
}

@article { GFM,
  author = "github.com",
  title = "GitHub Flavored Markdown Spec",
  year = "2019",
  url = "https://github.github.com/gfm/",
  note = "[Online; accessed 8-June-2019, Version 0.29-gfm (2019-04-06)]"
}

@misc{ wiki:YAML,
  author = "维基百科",
  title = "YAML --- 维基百科{,} 自由的百科全书",
  year = "2019",
  url = "https://zh.wikipedia.org/w/index.php?title=YAML&oldid=54428457",
  note = "[Online; accessed 8-June-2019]"
}

@misc { pandocCiteProc,
  author = "John MacFarlane",
  title = "pandoc-citeproc",
  year = "2019", 
  url = "https://github.com/jgm/pandoc-citeproc/blob/master/man/pandoc-citeproc.1.md",
  note = "[Online; accessed 8-June-2019]"
}

@misc { pandocCiteProcDiscuss,
  author = "clstaudt",
  title = "Why doesn't Pandoc convert citations correctly from Markdown to LaTeX?",
  year = "2014", 
  url = "https://tex.stackexchange.com/questions/179803/why-doesnt-pandoc-convert-citations-correctly-from-markdown-to-latex",
  note = "[Online; accessed 9-June-2019]"
}

@misc { cslPrimer,
  author = "Rintze M. Zelle",
  title = "Primer — An Introduction to CSL",
  year = "2015", 
  url = "http://docs.citationstyles.org/en/1.0.1/primer.html",
  note = "[Online; accessed 9-June-2019]"
}

@misc { pandocCiteCSL,
  author = "KurtPfeifle",
  title = "Scripts and Howtos about using different CSL (Citation Style Language) files with pandoc",
  year = "2019", 
  url = "https://github.com/KurtPfeifle/pandoc-csl-testing",
  uri = "https://github.com/KurtPfeifle/pandoc-csl-testing",
  note = "[Online; accessed 9-June-2019]"
}

@misc{ longTest,
  author = "Chung-Chen Chen",
  title = "A paper with very Long Title, Just for a test. Estimate and Replace: A Novel Approach to Integrating Deep Neural Networks with Existing Applications, Estimate and Replace: A Novel Approach to Integrating Deep Neural Networks with Existing Applications",
  year = "2019",
  url = "https://zh.wikipedia.org/w/index.php?title=YAML&oldid=54428457",
  uri = "https://zh.wikipedia.org/w/index.php?title=YAML&oldid=54428457",
  note = "[Online; accessed 8-June-2019]"
}

@article{hadash2018estimate,
  title={Estimate and Replace: A Novel Approach to Integrating Deep Neural Networks with Existing Applications},
  author={Hadash, Guy and Kermany, Einat and Carmeli, Boaz and Lavi, Ofer and Kour, George and Jacovi, Alon},
  journal={arXiv preprint arXiv:1804.09028},
  year={2018}
}